<record><leader>00000cas a22000007a 4500</leader><controlfield tag="001">11839900</controlfield><controlfield tag="008">850323d190u1929cauwr ne      0    0eng d</controlfield><datafield ind1=" " ind2=" " tag="010"><subfield code="a">sn 85040333 </subfield></datafield><datafield ind1=" " ind2=" " tag="040"><subfield code="a">NPV</subfield><subfield code="b">eng</subfield><subfield code="c">NPV</subfield><subfield code="d">CNK</subfield><subfield code="d">OCLCQ</subfield></datafield><datafield ind1=" " ind2=" " tag="042"><subfield code="a">msc</subfield></datafield><datafield ind1="0" ind2="4" tag="245"><subfield code="a">The Veteran=enterprise.</subfield></datafield><datafield ind1=" " ind2=" " tag="260"><subfield code="a">Sawtelle, Los Angeles County, Calif. :</subfield><subfield code="b">Susie Pierson Miller</subfield></datafield><datafield ind1=" " ind2=" " tag="300"><subfield code="a">v. :</subfield><subfield code="b">ill.</subfield></datafield><datafield ind1=" " ind2=" " tag="310"><subfield code="a">Weekly</subfield></datafield><datafield ind1="1" ind2=" " tag="362"><subfield code="a">Ceased in 1929?</subfield><subfield code="z">Cf. Ayer 1930.</subfield></datafield><datafield ind1=" " ind2=" " tag="500"><subfield code="a">Editor: Susie Pierson Miller.</subfield></datafield><datafield ind1=" " ind2=" " tag="588"><subfield code="a">Description based on: Vol. 4, no. 18 (Apr. 30, 1904).</subfield></datafield><datafield ind1=" " ind2=" " tag="752"><subfield code="a">United States</subfield><subfield code="b">California</subfield><subfield code="c">Los Angeles</subfield><subfield code="d">Sawtelle.</subfield></datafield></record>